@manual{tcpdump-manpage,
  author = {Jacobson, Van and Leres, Craig and McCanne, Steven},
  title = {{tcpdump - dump traffic on a network}},
  organization = {Lawrence Berkeley National Laboratory},
  address = {University of California, Berkeley, CA}
}

@manual{pcap-manpage,
  author = {Jacobson, Van and Leres, Craig and McCanne, Steven},
  title = {{pcap - Packet Capture library}},
  organization = {Lawrence Berkeley National Laboratory},
  address = {University of California, Berkeley, CA}
}

@manual{wireshark-manpage,
  author = {Combs, Gerald},
  title = {{wireshark - Interactively dump and analyze network traffic}},
  organization = {University of Missouri},
  address = {Kansas City}
}

@misc{SiLK,
  author = {{CERT/NetSA at Carnegie Mellon University}},
  title = {{SiLK (System for Internet-Level Knowledge)}},
  howpublished = {[Online]. Available:
                  \url{http://tools.netsa.cert.org/silk}
                  [Accessed: July 10, 2012]}}
}

@mastersthesis{vmarinov:thesis:2009,
 author = {Marinov, Vladislav},
 title = {{Design of an IP Flow Record Query Language}},
 month = {August},
 school = {Jacobs University Bremen},
 address = {Campus Ring 1, 28759 Bremen, Germany},
 year = {2009},
}

@inproceedings{vmarinov:2009,
 author = {Marinov, Vladislav and Sch\"{o}nw\"{a}lder, J\"{u}rgen},
 title = {{Design of a Stream-Based IP Flow Record Query Language}},
 booktitle = {Proceedings of the 20th IFIP/IEEE International Workshop on
			  Distributed Systems: Operations and Management: Integrated
			  Management of Systems, Services, Processes and People in IT},
 series = {DSOM '09},
 year = {2009},
 isbn = {978-3-642-04988-0},
 location = {Venice, Italy},
 pages = {15--28},
 numpages = {14},
 url = {http://dx.doi.org/10.1007/978-3-642-04989-7_2},
 doi = {http://dx.doi.org/10.1007/978-3-642-04989-7_2},
 acmid = {1692702},
 publisher = {Springer-Verlag},
 address = {Berlin, Heidelberg},
 keywords = {IPFIX, NetFlow, Network measurement},
}

@inproceedings{phaag:2006,
 author = {Haag, Peter},
 title = {{Netflow Tools NfSen and NFDUMP}},
 booktitle = {{Proceedings of the 18th Annual FIRST conference}},
 year = {2006},
 location = {Baltimore, Maryland, USA},
}

@inproceedings{sromig:2000,
 author = {Romig, Steve},
 title = {{The OSU Flow-tools Package and CISCO NetFlow Logs}},
 booktitle = {Proceedings of the 14th
 							USENIX conference on System administration},
 year = {2000},
 location = {New Orleans, Louisiana},
 pages = {291--304},
 numpages = {14},
 url = {http://dl.acm.org/citation.cfm?id=1045502.1045521},
 acmid = {1045521},
 publisher = {USENIX Association},
 address = {Berkeley, CA, USA},
}

@article{fallen:1983,
 author = {Allen, James F.},
 title = {{Maintaining knowledge about temporal intervals}},
 journal = {Communications of the ACM},
 issue_date = {Nov. 1983},
 volume = {26},
 issue = {11},
 month = {November},
 year = {1983},
 issn = {0001-0782},
 pages = {832--843},
 numpages = {12},
 url = {http://doi.acm.org/10.1145/182.358434},
 doi = {http://doi.acm.org/10.1145/182.358434},
 acmid = {358434},
 publisher = {ACM},
 address = {New York, NY, USA},
 keywords = {interval reasoning, interval representation, temporal interval},
}

@article{graham:1982,
 author = {Graham, Susan L. and Kessler, Peter B. and Mckusick, Marshall K.},
 title = {Gprof: A call graph execution profiler},
 journal = {SIGPLAN Not.},
 issue_date = {June 1982},
 volume = {17},
 number = {6},
 month = jun,
 year = {1982},
 issn = {0362-1340},
 pages = {120--126},
 numpages = {7},
 url = {http://doi.acm.org/10.1145/872726.806987},
 doi = {10.1145/872726.806987},
 acmid = {806987},
 publisher = {ACM},
 address = {New York, NY, USA},
}

@misc{rfc1950,
  author="P. Deutsch and J-L. Gailly",
  title="{ZLIB Compressed Data Format Specification version 3.3}",
  series="Request for Comments",
  number="1950",
  howpublished="RFC 1950 (Informational)",
  publisher="IETF",
  organization="Internet Engineering Task Force",
  year=1996,
  month=may,
    url="http://www.ietf.org/rfc/rfc1950.txt",
}
